@article{Dechter:and_or_bab:AI,
 author = {Marinescu, Radu and Dechter, Rina},
 title = {AND/OR Branch-and-Bound search for combinatorial optimization in graphical models},
 journal = {Artif. Intell.},
 volume = {173},
 number = {16-17},
 year = {2009},
 issn = {0004-3702},
 pages = {1457--1491},
 doi = {http://dx.doi.org/10.1016/j.artint.2009.07.003},
 publisher = {Elsevier Science Publishers Ltd.},
 address = {Essex, UK},
}

@article{Trick:AOR2003,
  author    = {Michael A. Trick},
  title     = {A Dynamic Programming Approach for Consistency and Propagation
               for Knapsack Constraints},
  journal   = {Annals OR},
  volume    = {118},
  number    = {1-4},
  year      = {2003},
  pages     = {73-84},
  ee        = {http://dx.doi.org/10.1023/A:1021801522545},
  bibsource = {DBLP, http://dblp.uni-trier.de}
}

@article{Hoeve:JOH2006,
 author = {Hoeve, Willem-Jan and Pesant, Gilles and Rousseau, Louis-Martin},
 title = {On global warming: Flow-based soft global constraints},
 journal = {Journal of Heuristics},
 volume = {12},
 number = {4-5},
 year = {2006},
 issn = {1381-1231},
 pages = {347--373},
 doi = {http://dx.doi.org/10.1007/s10732-006-6550-4},
 publisher = {Kluwer Academic Publishers},
 address = {Hingham, MA, USA},
 }
