@article{Dechter:and_or_bab:AI,
 author = {Marinescu, Radu and Dechter, Rina},
 title = {AND/OR Branch-and-Bound search for combinatorial optimization in graphical models},
 journal = {Artif. Intell.},
 volume = {173},
 number = {16-17},
 year = {2009},
 issn = {0004-3702},
 pages = {1457--1491},
 doi = {http://dx.doi.org/10.1016/j.artint.2009.07.003},
 publisher = {Elsevier Science Publishers Ltd.},
 address = {Essex, UK},
}
